===========================================================================
General:
===========================================================================

@misc{handbook,
	title={Recommender Systems Handbook.},
	author={Shapira, Bracha and Ricci, Francesco and Kantor, Paul B and Rokach, Lior},
	year={2011},
	publisher={Springer}
}
Handbook

@inproceedings{netflixPrize,
	title={The netflix prize},
	author={Bennett, James and Lanning, Stan},
	booktitle={Proceedings of KDD cup and workshop},
	volume={2007},
	pages={35},
	year={2007}
}
Netflix prize assignment and dataset description

===========================================================================
Collaborative filtering - Memory-based
===========================================================================

@article{amazonItemItem,
  title={Amazon. com recommendations: Item-to-item collaborative filtering},
  author={Linden, Greg and Smith, Brent and York, Jeremy},
  journal={IEEE Internet computing},
  volume={7},
  number={1},
  pages={76--80},
  year={2003},
  publisher={IEEE}
}
Amazons item-item approach (should be similar to mine)




===========================================================================
Collaborative filtering - Model-based
===========================================================================

===========================================================================
Dimensionality reduction
===========================================================================

@techreport{nnOnSvd,
	title={Application of dimensionality reduction in recommender system-a case study},
	author={Sarwar, Badrul and Karypis, George and Konstan, Joseph and Riedl, John},
	year={2000},
	institution={DTIC Document}
}
Neighbour-based methods applied on decomposed matrix


===========================================================================
Implicit feedback, one-class recommendation, ranking problematic
===========================================================================

@inproceedings{occf,
	title={One-class collaborative filtering},
	author={Pan, Rong and Zhou, Yunhong and Cao, Bin and Liu, Nathan N and Lukose, Rajan and Scholz, Martin and Yang, Qiang},
	booktitle={2008 Eighth IEEE International Conference on Data Mining},
	pages={502--511},
	year={2008},
	organization={IEEE}
}
Weighting and sampling schemes for one-class collaborative filtering


@inproceedings{CFForImplFeedback,
	title={Collaborative filtering for implicit feedback datasets},
	author={Hu, Yifan and Koren, Yehuda and Volinsky, Chris},
	booktitle={2008 Eighth IEEE International Conference on Data Mining},
	pages={263--272},
	year={2008},
	organization={Ieee}
}
Incorporating confidence into user feedback

===========================================================================
Boosting
===========================================================================
@article{boostingCFRatings,
	title={Improved boosting algorithms using confidence-rated predictions},
	author={Schapire, Robert E and Singer, Yoram},
	journal={Machine learning},
	volume={37},
	number={3},
	pages={297--336},
	year={1999},
	publisher={Springer}
}
Boosting on predicting ratings



@inproceedings{resamplingReweighting,
	title={Resampling or reweighting: a comparison of boosting implementations},
	author={Seiffert, Chris and Khoshgoftaar, Taghi M and Van Hulse, Jason and Napolitano, Amri},
	booktitle={2008 20th IEEE International Conference on Tools with Artificial Intelligence},
	volume={1},
	pages={445--451},
	year={2008},
	organization={IEEE}
}
Comparison of resampling and reweighting techniques in boosting


@inproceedings{liu2015boosting,
	title={A boosting algorithm for item recommendation with implicit feedback},
	author={Liu, Yong and Zhao, Peilin and Sun, Aixin and Miao, Chunyan},
	booktitle={IJCAI},
	volume={15},
	pages={1792--1798},
	year={2015}
}
Application of boosting optimizing MAP or AUC value


===========================================================================
Hybrid systems
===========================================================================


